<?xml version="1.0" encoding="UTF-8"?><record xmlns="http://www.loc.gov/MARC21/slim" xmlns:cinclude="http://apache.org/cocoon/include/1.0" xmlns:zs="http://www.loc.gov/zing/srw/">
  <leader>00425nz  a2200121n  4500</leader>
  <controlfield tag="001">nr 91004720 </controlfield>
  <controlfield tag="003">DLC</controlfield>
  <controlfield tag="005">19910213063719.9</controlfield>
  <controlfield tag="008">910211n| acannaab|          |n ana     c</controlfield>
  <datafield tag="010" ind1=" " ind2=" ">
    <subfield code="a">nr 91004720 </subfield>
  </datafield>
  <datafield tag="040" ind1=" " ind2=" ">
    <subfield code="a">NjP</subfield>
    <subfield code="c">NjP</subfield>
  </datafield>
  <datafield tag="110" ind1="2" ind2="0">
    <subfield code="a">Manhattan College.</subfield>
    <subfield code="b">Optical Resolution Information Center</subfield>
  </datafield>
  <datafield tag="670" ind1=" " ind2=" ">
    <subfield code="a">Optical resolution procedures for chemical compounds, V. 3 (1984):</subfield>
    <subfield code="b">t.p. (Optical Resolution Information Center, Manhattan College)</subfield>
  </datafield>
</record>